@article{anderson-2004,
	author = {Anderson, Gerard and Horvath, Jane},
	journal = {Public health reports},
	month = {5},
	number = {3},
	pages = {263--270},
	title = {{The Growing Burden of Chronic Disease in America}},
	volume = {119},
	year = {2004},
	doi = {10.1016/j.phr.2004.04.005},
	url = {https://journals.sagepub.com/doi/10.1016/j.phr.2004.04.005},
}
@article{femino-1998,
	author = {Femino, Andrea M. and Fay, Fredric S. and Fogarty, Kevin and Singer, Robert H.},
	journal = {Science},
	month = {4},
	number = {5363},
	pages = {585--590},
	title = {{Visualization of Single RNA Transcripts in Situ}},
	volume = {280},
	year = {1998},
	doi = {10.1126/science.280.5363.585},
	url = {https://www.science.org/doi/10.1126/science.280.5363.585},
}
@article{moffitt-2016,
	author = {Moffitt, Jeffrey R. and Hao, Junjie and Wang, Guiping and Chen, Kok Hao and Babcock, Hazen P. and Zhuang, Xiaowei},
	journal = {Proceedings of the National Academy of Sciences of the United States of America},
	month = {9},
	number = {39},
	pages = {11046--11051},
	title = {{High-throughput single-cell gene-expression profiling with multiplexed error-robust fluorescence in situ hybridization}},
	volume = {113},
	year = {2016},
	doi = {10.1073/pnas.1612826113},
	url = {https://doi.org/10.1073/pnas.1612826113},
}
@article{xia-2019,
	author = {Xia, Chenglong and Fan, Jean and Emanuel, George and Hao, Junjie and Zhuang, Xiaowei},
	journal = {Proceedings of the National Academy of Sciences of the United States of America},
	month = {9},
	number = {39},
	pages = {19490--19499},
	title = {{Spatial transcriptome profiling by MERFISH reveals subcellular RNA compartmentalization and cell cycle-dependent gene expression}},
	volume = {116},
	year = {2019},
	doi = {10.1073/pnas.1912459116},
	url = {https://doi.org/10.1073/pnas.1912459116},
}
@article{liu-2022,
	author = {Liu, Jonathan and Tran, Vanessa and Vemuri, Venkata Naga Pranathi and Byrne, Ashley and Borja, Michael and Kim, Yang Joon and Agarwal, Snigdha and Wang, Ruofan and Awayan, Kyle and Murti, Abhishek and Taychameekiatchai, Aris and Wang, Bruce and Emanuel, George and He, Jiang and Haliburton, John and Pisco, Angela Oliveira and Neff, Norma},
	journal = {Life science alliance},
	month = {12},
	number = {1},
	pages = {e202201701},
	title = {{Concordance of MERFISH spatial transcriptomics with bulk and single-cell RNA sequencing}},
	volume = {6},
	year = {2022},
	doi = {10.26508/lsa.202201701},
	url = {https://doi.org/10.26508/lsa.202201701},
}
@article{moor-2017,
	author = {Moor, Andreas E. and Itzkovitz, Shalev},
	journal = {Current Opinion in Biotechnology},
	month = {8},
	pages = {126--133},
	title = {{Spatial transcriptomics: paving the way for tissue-level systems biology}},
	volume = {46},
	year = {2017},
	doi = {10.1016/j.copbio.2017.02.004},
	url = {https://doi.org/10.1016/j.copbio.2017.02.004},
}
@article{williams-2022,
	author = {Williams, Cameron G. and Lee, Hyun Jae and Asatsuma, Takahiro and Vento‐Tormo, Roser and Haque, Ashraful},
	journal = {Genome Medicine},
	month = {6},
	number = {1},
	title = {{An introduction to spatial transcriptomics for biomedical research}},
	volume = {14},
	year = {2022},
	doi = {10.1186/s13073-022-01075-1},
	url = {https://doi.org/10.1186/s13073-022-01075-1},
}
@article{moses-2022,
	author = {Moses, Lambda and Pachter, Lior},
	journal = {Nature Methods},
	month = {3},
	number = {5},
	pages = {534--546},
	title = {{Museum of spatial transcriptomics}},
	volume = {19},
	year = {2022},
	doi = {10.1038/s41592-022-01409-2},
	url = {https://doi.org/10.1038/s41592-022-01409-2},
}
@article{ke-2013,
	author = {Ke, Rongqin and Mignardi, Marco and Pacureanu, Alexandra and Svedlund, Jessica and Botling, Johan and Wählby, Carolina and Nilsson, Mats},
	journal = {Nature Methods},
	month = {7},
	number = {9},
	pages = {857--860},
	title = {{In situ sequencing for RNA analysis in preserved tissue and cells}},
	volume = {10},
	year = {2013},
	doi = {10.1038/nmeth.2563},
	url = {https://doi.org/10.1038/nmeth.2563},
}
@article{waylen-2020,
	author = {Waylen, Lisa N. and Nim, Hieu T. and Martelotto, Luciano G. and Ramialison, Mirana},
	journal = {Communications biology},
	month = {10},
	number = {1},
	title = {{From whole-mount to single-cell spatial assessment of gene expression in 3D}},
	volume = {3},
	year = {2020},
	doi = {10.1038/s42003-020-01341-1},
	url = {https://doi.org/10.1038/s42003-020-01341-1},
}
@article{lewis-2021,
	author = {Lewis, Sabrina M. and Asselin-Labat, Marie-Liesse and Nguyen, Quan and Berthelet, Jean and Tan, Xiao and Wimmer, Verena C. and Mérino, Delphine and Rogers, Kelly L. and Naik, Shalin H.},
	journal = {Nature Methods},
	month = {8},
	number = {9},
	pages = {997--1012},
	title = {{Spatial omics and multiplexed imaging to explore cancer biology}},
	volume = {18},
	year = {2021},
	doi = {10.1038/s41592-021-01203-6},
	url = {https://doi.org/10.1038/s41592-021-01203-6},
}
@article{ewels-2016,
	author = {given-i=P, given=Philip, family=Ewels and given-i=M, given=Måns, family=Magnusson and given-i=S, given=Sverker, family=Lundin and given-i=M, given=Max, family=Käller},
	date = {2016-10-01},
	doi = {10.1093/bioinformatics/btw354},
	journaltitle = {Bioinformatics},
	number = {19},
	pages = {3047--3048},
	publisher = {Oxford University Press},
	title = {MultiQC: summarize analysis results for multiple tools and samples in a single report},
	url = {https://doi.org/10.1093/bioinformatics/btw354},
	volume = {32},
}
@article{levsky-2002,
	author = {Levsky, Jeffrey M. and Shenoy, Shailesh M. and Pezo, Rossanna C. and Singer, Robert H.},
	journal = {Science},
	month = {8},
	number = {5582},
	pages = {836--840},
	title = {{Single-Cell Gene Expression Profiling}},
	volume = {297},
	year = {2002},
	doi = {10.1126/science.1072241},
	url = {https://www.science.org/doi/10.1126/science.1072241?url_ver=Z39.88-2003&rfr_id=ori:rid:crossref.org&rfr_dat=cr_pub%20%200pubmed},
}
@misc{Andrews:2010tn,
  added-at = {2012-06-02T05:59:56.000+0200},
  author = {Andrews, S.},
  biburl = {https://www.bibsonomy.org/bibtex/2b6052877491828ab53d3449be9b293b3/ozborn},
  date-added = {2012-06-01 16:59:33 -0500},
  date-modified = {2012-06-01 16:59:49 -0500},
  interhash = {f230a919c34360709aa298734d63dca3},
  intrahash = {b6052877491828ab53d3449be9b293b3},
  keywords = {imported},
  timestamp = {2012-06-03T07:20:30.000+0200},
  title = {FASTQC. A quality control tool for high throughput sequence data},
  year = 2010
} 
@article{wood-2019,
	author = {given-i=DE, given={Derrick E.}, family=Wood and given-i=TM, given={Todd M.}, family=Alam and given-i=B, given=Ben, family=Langmead},
	date = {2019-11-28},
	doi = {10.1186/s13059-019-1891-0},
	journaltitle = {Genome Biology},
	number = {1},
	publisher = {BioMed Central},
	title = {Improved metagenomic analysis with Kraken 2},
	url = {https://doi.org/10.1186/s13059-019-1891-0},
	volume = {20},
}
@article{alam-2017,
	author = {given-i=TM, given={Todd M.}, family=Alam and given-i=FP, given={Florian P.}, family=Breitwieser and given-i=P, given=Peter, family=Thielen and given-i=SL, given={Steven L.}, family=Salzberg},
	date = {2017-01-02},
	doi = {10.7717/peerj-cs.104},
	journaltitle = {PeerJ},
	pages = {e104},
	publisher = {PeerJ, Inc.},
	title = {Bracken: estimating species abundance in metagenomics data},
	url = {https://doi.org/10.7717/peerj-cs.104},
	volume = {3},
}
@article{camacho-2009,
	author = {Camacho, Christiam and Coulouris, George and Avagyan, Vahram and Ma, Ning and Papadopoulos, Jason and Bealer, Kevin and Madden, Thomas L},
	journal = {BMC bioinformatics},
	month = {12},
	number = {1},
	title = {{BLAST+: architecture and applications}},
	volume = {10},
	year = {2009},
	doi = {10.1186/1471-2105-10-421},
	url = {https://bmcbioinformatics.biomedcentral.com/articles/10.1186/1471-2105-10-421},
}
@article{chen-2015,
	author = {Chen, Kok Hao and Boettiger, Alistair N. and Moffitt, Jeffrey R. and Wang, Siyuan and Zhuang, Xiaowei},
	journal = {Science},
	month = {4},
	number = {6233},
	title = {{Spatially resolved, highly multiplexed RNA profiling in single cells}},
	volume = {348},
	year = {2015},
	doi = {10.1126/science.aaa6090},
	url = {https://www.science.org/doi/10.1126/science.aaa6090},
}
@article{tang-2023,
	author = {Tang, Xinbin and Chen, Jiayu and Zhang, Xinya and Liu, Xuzhu and Xie, Zhaoxiang and Wei, Kaipeng and Qiu, Jianlong and Ma, Weiyan and Lin, Chen and Ke, Rongqin},
	journal = {Journal of genetics and genomics/Journal of Genetics and Genomics},
	month = {9},
	number = {9},
	pages = {652--660},
	title = {{Improved in situ sequencing for high-resolution targeted spatial transcriptomic analysis in tissue sections}},
	volume = {50},
	year = {2023},
	doi = {10.1016/j.jgg.2023.02.004},
	url = {https://www.sciencedirect.com/science/article/abs/pii/S1673852723000437?via%3Dihub},
}
@article{stahl-2016,
	author = {Ståhl, Patrik L. and Salmén, Fredrik and Vickovic, Sanja and Lundmark, Anna and Navarro, José Fernández and Magnusson, Jens and Giacomello, Stefania and Asp, Michaela and Westholm, Jakub O. and Huss, Mikael and Mollbrink, Annelie and Linnarsson, Sten and Codeluppi, Simone and Borg, Åke and Pontén, Fredrik and Costea, Paul Igor and Sahlén, Pelin and Mulder, Jan and Bergmann, Olaf and Lundeberg, Joakim and Frisén, Jonas},
	journal = {Science},
	month = {7},
	number = {6294},
	pages = {78--82},
	title = {{Visualization and analysis of gene expression in tissue sections by spatial transcriptomics}},
	volume = {353},
	year = {2016},
	doi = {10.1126/science.aaf2403},
	url = {https://www.science.org/doi/10.1126/science.aaf2403},
}
@article{wang-2021,
	author = {Wang, Yu-Sheng and Guo, Jia},
	journal = {Frontiers in molecular biosciences},
	month = {11},
	title = {{Multiplexed Single-Cell in situ RNA Profiling}},
	volume = {8},
	year = {2021},
	doi = {10.3389/fmolb.2021.775410},
	url = {https://www.scopus.com/record/display.uri?eid=2-s2.0-85120420784&origin=inward&txGid=ee503a717a21dbb3050ff1603274e0cf},
}
@article{le-2022,
	author = {Le, Phuong and Ahmed, Noorsher and Yeo, Gene W.},
	journal = {Nature cell biology},
	month = {6},
	number = {6},
	pages = {815--824},
	title = {{Illuminating RNA biology through imaging}},
	volume = {24},
	year = {2022},
	doi = {10.1038/s41556-022-00933-9},
	url = {https://www.scopus.com/record/display.uri?eid=2-s2.0-85131861019&origin=inward&txGid=df763a8f3692510a591455e7cf5817bc},
}
@article{lubeck-2014,
	author = {Lubeck, Eric and Coskun, Ahmet F and Zhiyentayev, Timur and Ahmad, Mubhij and Cai, Long},
	journal = {Nature methods},
	month = {3},
	number = {4},
	pages = {360--361},
	title = {{Single-cell in situ RNA profiling by sequential hybridization}},
	volume = {11},
	year = {2014},
	doi = {10.1038/nmeth.2892},
	url = {https://www.nature.com/articles/nmeth.2892},
}
@article{zhao-2021,
	author = {Zhao, Yue and Liu, Yuxia and Li, Shuang and Peng, Zhaoyun and Liu, Xiantao and Chen, Jun and Zheng, Xin},
	journal = {Journal of cancer research and clinical oncology},
	month = {5},
	number = {8},
	pages = {2177--2186},
	title = {{Role of lung and gut microbiota on lung cancer pathogenesis}},
	volume = {147},
	year = {2021},
	doi = {10.1007/s00432-021-03644-0},
	url = {https://link.springer.com/article/10.1007/s00432-021-03644-0},
}
@article{yagi-2021,
	author = {Yagi, Kazuma and Huffnagle, Gary B. and Lukacs, Nicholas W. and Asai, Nobuhiro},
	journal = {International journal of molecular sciences},
	month = {10},
	number = {19},
	pages = {10872},
	title = {{The Lung Microbiome during Health and Disease}},
	volume = {22},
	year = {2021},
	doi = {10.3390/ijms221910872},
	url = {https://www.ncbi.nlm.nih.gov/pmc/articles/PMC8509400/},
}
@article{whiteside-2021,
	author = {Whiteside, Samantha A. and McGinniss, John E. and Collman, Ronald G.},
	journal = {The Journal of clinical investigation/The journal of clinical investigation},
	month = {8},
	number = {15},
	title = {{The lung microbiome: progress and promise}},
	volume = {131},
	year = {2021},
	doi = {10.1172/jci150473},
	url = {https://pubmed.ncbi.nlm.nih.gov/34338230/},
}
@article{gyllborg-2020,
	author = {Gyllborg, Daniel and Langseth, Christoffer Mattsson and Qian, Xiaoyan and Choi, Eunkyoung and Salas, Sergio Marco and Hilscher, Markus M and Lein, Ed S and Nilsson, Mats},
	journal = {Nucleic acids research},
	month = {9},
	number = {19},
	pages = {e112},
	title = {{Hybridization-based in situ sequencing (HybISS) for spatially resolved transcriptomics in human and mouse brain tissue}},
	volume = {48},
	year = {2020},
	doi = {10.1093/nar/gkaa792},
	url = {https://pubmed.ncbi.nlm.nih.gov/32990747/},
}
@article{campos-2023,
	author = {Campos, Michael and Cickovski, Trevor and Fernandez, Mitch and Jaric, Melita and Wanner, Adam and Holt, Gregory E. and Donna, Elio and Mendes, Eliana S. and Silva-Herzog, Eugenia and Schneper, Lisa and Segal, Jonathan and Amador, David Moraga and Riveros, Juan and Aguiar‐Pulido, Vanessa and Banerjee, Santanu and Salathé, Matthias and Mathee, Kalai and Narasimhan, Giri},
	journal = {Access microbiology},
	month = {3},
	number = {3},
	title = {{Lower respiratory tract microbiome composition and community interactions in smokers}},
	volume = {5},
	year = {2023},
	doi = {10.1099/acmi.0.000497.v3},
	url = {https://doi.org/10.1099/acmi.0.000497.v3},
}
@article{eng-2019,
	author = {Eng, Chee-Huat Linus and Lawson, Michael and Zhu, Qian and Dries, Ruben and Koulena, Noushin and Takei, Yodai and Yun, Jina and Cronin, Christopher and Karp, Christoph and Yuan, Guo-Cheng and Cai, Long},
	journal = {Nature},
	month = {3},
	number = {7751},
	pages = {235--239},
	title = {{Transcriptome-scale super-resolved imaging in tissues by RNA seqFISH+}},
	volume = {568},
	year = {2019},
	doi = {10.1038/s41586-019-1049-y},
	url = {https://www.nature.com/articles/s41586-019-1049-y},
}
@misc{ncbi2024,
  author = {{National Center for Biotechnology Information}},
  title = {National Center for Biotechnology Information},
  howpublished = {\url{https://www.ncbi.nlm.nih.gov/}},
  year = {1988},
  note = {Accessed: 2024-06-03},
  organization = {National Library of Medicine (US)}
}
@article{mondal-2018,
	author = {Mondal, Manas and Liao, Renjie and Nazaroff, Christopher D. and Samuel, Adam D. and Guo, Jia},
	journal = {Chemical science},
	month = {1},
	number = {11},
	pages = {2909--2917},
	title = {{Highly multiplexed single-cell in situ RNA and DNA analysis with bioorthogonal cleavable fluorescent oligonucleotides}},
	volume = {9},
	year = {2018},
	doi = {10.1039/c7sc05089e},
	url = {https://www.ncbi.nlm.nih.gov/pmc/articles/PMC5914540/},
}
@article{hershberg-2021,
	author = {Hershberg, Elliot A. and Camplisson, Conor K. and Close, Jennie and Attar, Sahar and Chern, Ryan and Liu, Yuzhen and Akilesh, Shreeram and Nicovich, Philip R. and Beliveau, Brian J.},
	journal = {Nature Methods},
	month = {7},
	number = {8},
	pages = {937--944},
	title = {{PaintSHOP enables the interactive design of transcriptome- and genome-scale oligonucleotide FISH experiments}},
	volume = {18},
	year = {2021},
	doi = {10.1038/s41592-021-01187-3},
	url = {https://www.ncbi.nlm.nih.gov/pmc/articles/PMC8349872/},
}
@article{bolger-2014,
	author = {Bolger, Anthony M. and Lohse, Marc and Usadel, Bjoern},
	journal = {Bioinformatics},
	month = {4},
	number = {15},
	pages = {2114--2120},
	title = {{Trimmomatic: a flexible trimmer for Illumina sequence data}},
	volume = {30},
	year = {2014},
	doi = {10.1093/bioinformatics/btu170},
	url = {https://academic.oup.com/bioinformatics/article/30/15/2114/2390096},
}
@article{xu-2009,
	author = {Xu, Qikai and Schlabach, Michael R. and Hannon, Gregory J. and Elledge, Stephen J.},
	journal = {Proceedings of the National Academy of Sciences of the United States of America},
	month = {2},
	number = {7},
	pages = {2289--2294},
	title = {{Design of 240,000 orthogonal 25mer DNA barcode probes}},
	volume = {106},
	year = {2009},
	doi = {10.1073/pnas.0812506106},
	url = {https://pubmed.ncbi.nlm.nih.gov/19171886/},
}
@article{wang-2003,
	author = {Wang, Xiaowei and Seed, Brian},
	journal = {Bioinformatics},
	month = {5},
	number = {7},
	pages = {796--802},
	title = {{Selection of oligonucleotide probes for protein coding sequences}},
	volume = {19},
	year = {2003},
	doi = {10.1093/bioinformatics/btg086},
	url = {https://academic.oup.com/bioinformatics/article/19/7/796/197432?login=false},
}
@article{beliveau-2018,
	author = {Beliveau, Brian J. and Kishi, Jocelyn Y. and Nir, Guy and Sasaki, Hiroshi M. and Saka, Sinem K. and Nguyen, Son C. and Wu, Chao-Ting and Yin, Peng},
	journal = {Proceedings of the National Academy of Sciences of the United States of America},
	month = {2},
	number = {10},
	title = {{OligoMiner provides a rapid, flexible environment for the design of genome-scale oligonucleotide in situ hybridization probes}},
	volume = {115},
	year = {2018},
	doi = {10.1073/pnas.1714530115},
	url = {https://www.pnas.org/doi/full/10.1073/pnas.1714530115},
}
@article{rouillard-2003,
	author = {Rouillard, Jean-Marie and Zuker, Michael and Gulari, Erdogan},
	journal = {Nucleic acids research},
	month = {6},
	number = {12},
	pages = {3057--3062},
	title = {{OligoArray 2.0: design of oligonucleotide probes for DNA microarrays using a thermodynamic approach}},
	volume = {31},
	year = {2003},
	doi = {10.1093/nar/gkg426},
	url = {https://www.ncbi.nlm.nih.gov/pmc/articles/PMC162330/},
}
@dataset{gordon2024lajolla,
  author = {Gordon, D.},
  title = {La Jolla Coverings Repository},
  year = {2024},
  version = {1.0},
  doi = {10.5281/zenodo.10779737},
  url = {https://doi.org/10.5281/zenodo.10779737},
  publisher = {Zenodo}
}
@article{polz-1998,
	author = {Polz, Martin F. and Cavanaugh, Colleen M.},
	journal = {Applied and environmental microbiology},
	month = {10},
	number = {10},
	pages = {3724--3730},
	title = {{Bias in Template-to-Product Ratios in Multitemplate PCR}},
	volume = {64},
	year = {1998},
	doi = {10.1128/aem.64.10.3724-3730.1998},
	url = {https://www.ncbi.nlm.nih.gov/pmc/articles/PMC106531/},
}
@article{spits-2006,
	author = {Spits, Claudia and Caignec, Cédric Le and De Rycke, Martine and Van Haute, Lindsey and Van Steirteghem, André and Liebaers, Inge and Sermon, Karen},
	journal = {Nature protocols},
	month = {11},
	number = {4},
	pages = {1965--1970},
	title = {{Whole-genome multiple displacement amplification from single cells}},
	volume = {1},
	year = {2006},
	doi = {10.1038/nprot.2006.326},
	url = {https://pubmed.ncbi.nlm.nih.gov/17487184/},
}
@article{zanoli-2012,
	author = {Zanoli, Laura Maria and Spoto, Giuseppe},
	journal = {Biosensors},
	month = {12},
	number = {1},
	pages = {18--43},
	title = {{Isothermal Amplification Methods for the Detection of Nucleic Acids in Microfluidic Devices}},
	volume = {3},
	year = {2012},
	doi = {10.3390/bios3010018},
	url = {https://www.ncbi.nlm.nih.gov/pmc/articles/PMC4263587/},
}